
@misc{majordomo_thread,
  title = {Majordomo-workers archive, March 1996},
  howpublished = {\url{http://www.greatcircle.com/lists/majordomo-workers/archive/majordomo-workers.199603}},
  note = {Accessed: 2013-09-18}
}
